<searchRetrieveResponse xmlns="http://www.loc.gov/zing/srw/">
<version>1.2</version>
<numberOfRecords>128193</numberOfRecords>
<records>
<record>
<recordSchema>marcxml</recordSchema>
<recordPacking>xml</recordPacking>
<recordData>
<record xmlns="http://www.loc.gov/MARC21/slim">
<leader>01815nam a2200517 c 4500</leader>
<controlfield tag="001">990000044360503338</controlfield>
<controlfield tag="005">20240404120919.0</controlfield>
<controlfield tag="008">171215|9999####xx############|||#|#grc#u</controlfield>
<controlfield tag="009">RZ00004462</controlfield>
<datafield ind1=" " ind2=" " tag="035">
<subfield code="a">RZ00004462</subfield>
</datafield>
<datafield ind1=" " ind2=" " tag="035">
<subfield code="a">(AT-OeNB)RZ00004462</subfield>
</datafield>
<datafield ind1=" " ind2=" " tag="035">
<subfield code="a">(Aleph)000004436ONB08</subfield>
</datafield>
<datafield ind1=" " ind2=" " tag="040">
<subfield code="a">ONB</subfield>
<subfield code="b">ger</subfield>
<subfield code="c">ONB-PAP</subfield>
<subfield code="d">AT-OeNB</subfield>
</datafield>
<datafield ind1=" " ind2=" " tag="041">
<subfield code="a">grc</subfield>
</datafield>
<datafield ind1=" " ind2=" " tag="090">
<subfield code="a">z</subfield>
</datafield>
<datafield ind1="0" ind2="0" tag="245">
<subfield code="a">-</subfield>
</datafield>
<datafield ind1=" " ind2="1" tag="264">
<subfield code="a">Ägypten, Herakleopolites (?) [Herkunft]</subfield>
<subfield code="a">Ägypten [Abfassungsort]</subfield>
<subfield code="a">Ägypten [Fundort]</subfield>
<subfield code="c">7.-8. Jh.</subfield>
</datafield>
<datafield ind1=" " ind2=" " tag="300">
<subfield code="c">9,6 x 5,5 cm</subfield>
</datafield>
<datafield ind1=" " ind2=" " tag="340">
<subfield code="a">Rückseite: Text</subfield>
</datafield>
<datafield ind1=" " ind2=" " tag="340">
<subfield code="a">Papyrus</subfield>
</datafield>
<datafield ind1=" " ind2=" " tag="500">
<subfield code="a">
Zum Ort vgl. BL X, S. 267 und Falivene, Herakleopolite Nome, S. 153-154
</subfield>
</datafield>
<datafield ind1=" " ind2=" " tag="546">
<subfield code="a">Griechisch</subfield>
<subfield code="b">Urkundenschrift / Kursive</subfield>
</datafield>
<datafield ind1=" " ind2=" " tag="563">
<subfield code="a">Aufbewahrung: verglast</subfield>
</datafield>
<datafield ind1=" " ind2=" " tag="581">
<subfield code="a">Foto(s): SPP X, S. 33 (Nachzeichnung Z. 4-6)</subfield>
</datafield>
<datafield ind1=" " ind2=" " tag="581">
<subfield code="a">SPP X 56</subfield>
</datafield>
<datafield ind1=" " ind2=" " tag="581">
<subfield code="a">
Falivene, M. R., The Herakleopolite Nome: A Catalogue of the Toponyms with Introduction and Commentary (ASP 37), Atlanta 1998, S. 153-154
</subfield>
</datafield>
<datafield ind1=" " ind2=" " tag="591">
<subfield code="a">publiziert</subfield>
</datafield>
<datafield ind1=" " ind2="4" tag="648">
<subfield code="a">+7</subfield>
</datafield>
<datafield ind1=" " ind2="4" tag="648">
<subfield code="a">+8</subfield>
</datafield>
<datafield ind1=" " ind2="4" tag="650">
<subfield code="a">Liste</subfield>
</datafield>
<datafield ind1=" " ind2="4" tag="650">
<subfield code="a">Ortsnamen</subfield>
</datafield>
<datafield ind1=" " ind2="4" tag="650">
<subfield code="a">Herkunft</subfield>
</datafield>
<datafield ind1=" " ind2=" " tag="653">
<subfield code="a">Liste</subfield>
</datafield>
<datafield ind1=" " ind2="4" tag="655">
<subfield code="a">dokumentarisch</subfield>
</datafield>
<datafield ind1="4" ind2=" " tag="856">
<subfield code="u">http://www.trismegistos.org/tm/detail.php?tm=38931</subfield>
<subfield code="z">Trismegistos</subfield>
</datafield>
<datafield ind1="4" ind2="2" tag="856">
<subfield code="m">B:AT-OeNB</subfield>
<subfield code="q">application/xml</subfield>
<subfield code="u">http://data.onb.ac.at/dtl/3317979</subfield>
<subfield code="x">ONB-DTL</subfield>
<subfield code="3">Digitales Objekt</subfield>
<subfield code="o">OBV-ONB-DTL</subfield>
</datafield>
<datafield ind1="4" ind2=" " tag="856">
<subfield code="u">https://data.onb.ac.at/rep/PAP_00002544</subfield>
<subfield code="x">ONB-Einlaufsbuch</subfield>
<subfield code="3">Digitales Objekt</subfield>
</datafield>
<datafield ind1="5" ind2=" " tag="970">
<subfield code="a">Inventarnummer: G 12056 Pap</subfield>
</datafield>
<datafield ind1="5" ind2=" " tag="970">
<subfield code="a">Weitere Inventarnummern: Geograph. 56 Pap</subfield>
</datafield>
<datafield ind1="2" ind2=" " tag="970">
<subfield code="a">ONB</subfield>
</datafield>
<datafield ind1="0" ind2="s" tag="974">
<subfield code="F">050</subfield>
<subfield code="A">||z|||||||||||</subfield>
</datafield>
<datafield ind1="0" ind2="s" tag="974">
<subfield code="V">580</subfield>
<subfield code="a">BL: X 267</subfield>
</datafield>
<datafield ind1="0" ind2="s" tag="974">
<subfield code="V">580</subfield>
<subfield code="a">TM Id.-Nr.: 38931</subfield>
</datafield>
<datafield ind1="0" ind2="u" tag="974">
<subfield code="V">HID</subfield>
<subfield code="s">DTLALEPH1</subfield>
<subfield code="c">20120725</subfield>
<subfield code="l">ONB08</subfield>
<subfield code="h">0459</subfield>
</datafield>
<datafield ind1="0" ind2=" " tag="980">
<subfield code="a">pap</subfield>
<subfield code="9">LOCAL</subfield>
</datafield>
<datafield ind1="0" ind2=" " tag="980">
<subfield code="a">ONB-PAP</subfield>
<subfield code="9">LOCAL</subfield>
</datafield>
<datafield ind1=" " ind2=" " tag="AVA">
<subfield code="0">990000044360503338</subfield>
<subfield code="8">22379630890003338</subfield>
<subfield code="a">43ACC_ONB</subfield>
<subfield code="b">ZPAP</subfield>
<subfield code="c">Department of Papyri</subfield>
<subfield code="d">G 12056</subfield>
<subfield code="e">unavailable</subfield>
<subfield code="f">1</subfield>
<subfield code="g">1</subfield>
<subfield code="j">MAG</subfield>
<subfield code="p">1</subfield>
<subfield code="q">Department of Papyri</subfield>
</datafield>
</record>
</recordData>
<recordIdentifier>990000044360503338</recordIdentifier>
<recordPosition>1</recordPosition>
</record>