
<record>
<recordSchema>marcxml</recordSchema>
<recordPacking>xml</recordPacking>
<recordData>
<record xmlns="http://www.loc.gov/MARC21/slim">
<leader>00777nam a2200265 c 4500</leader>
<controlfield tag="001">990018865510603338</controlfield>
<controlfield tag="005">20230708210558.0</controlfield>
<controlfield tag="007">tu</controlfield>
<controlfield tag="008">131121|1930####|||###########|||#|#ger#c</controlfield>
<controlfield tag="009">AC11140606</controlfield>
<datafield ind1=" " ind2=" " tag="035">
<subfield code="a">(AT-OBV)AC11140606</subfield>
</datafield>
<datafield ind1=" " ind2=" " tag="035">
<subfield code="a">AC11140606</subfield>
</datafield>
<datafield ind1=" " ind2=" " tag="035">
<subfield code="a">(Aleph)011145138ACC01</subfield>
</datafield>
<datafield ind1=" " ind2=" " tag="035">
<subfield code="a">(DE-599)OBVAC11140606</subfield>
</datafield>
<datafield ind1=" " ind2=" " tag="035">
<subfield code="a">(EXLNZ-43ACC_NETWORK)990111451380203331</subfield>
</datafield>
<datafield ind1=" " ind2=" " tag="040">
<subfield code="a">ONB</subfield>
<subfield code="b">ger</subfield>
<subfield code="d">UBS</subfield>
<subfield code="e">rakwb</subfield>
</datafield>
<datafield ind1=" " ind2=" " tag="041">
<subfield code="a">ger</subfield>
</datafield>
<datafield ind1=" " ind2=" " tag="044">
<subfield code="c">XA-DE</subfield>
</datafield>
<datafield ind1="1" ind2=" " tag="100">
<subfield code="a">Bloch, Jean-Richard</subfield>
<subfield code="d">1884-1947</subfield>
<subfield code="0">(DE-588)118659073</subfield>
<subfield code="4">aut</subfield>
</datafield>
<datafield ind1="1" ind2="0" tag="240">
<subfield code="a">... et Compagnie</subfield>
<subfield code="l">dt.</subfield>
</datafield>
<datafield ind1="1" ind2="0" tag="245">
<subfield code="a">- & Co.</subfield>
<subfield code="b">Roman aus der Welt der Industrie</subfield>
<subfield code="c">Jean Richard Bloch. [Übers. von Paul Amann]</subfield>
</datafield>
<datafield ind1=" " ind2="1" tag="264">
<subfield code="a">Berlin</subfield>
<subfield code="a">Wien</subfield>
<subfield code="a">Leipzig</subfield>
<subfield code="b">Zsolnay</subfield>
<subfield code="c">1930</subfield>
</datafield>
<datafield ind1=" " ind2=" " tag="300">
<subfield code="a">398 S.</subfield>
<subfield code="c">20 cm</subfield>
</datafield>
<datafield ind1="1" ind2=" " tag="700">
<subfield code="a">Amann, Paul</subfield>
<subfield code="4">trl</subfield>
</datafield>
<datafield ind1="0" ind2=" " tag="970">
<subfield code="a">ONB-PI-RETRO</subfield>
</datafield>
<datafield ind1="1" ind2=" " tag="970">
<subfield code="c">56</subfield>
</datafield>
<datafield ind1=" " ind2=" " tag="AVA">
<subfield code="0">990018865510603338</subfield>
<subfield code="8">22223871390003338</subfield>
<subfield code="a">43ACC_ONB</subfield>
<subfield code="b">ZNEU</subfield>
<subfield code="c">Main Stacks at Heldenplatz (MAG)</subfield>
<subfield code="d">581258-B</subfield>
<subfield code="e">available</subfield>
<subfield code="f">1</subfield>
<subfield code="g">0</subfield>
<subfield code="j">MAG</subfield>
<subfield code="p">1</subfield>
<subfield code="q">Central Service Facility at Heldenplatz</subfield>
</datafield>
</record>
</recordData>
<recordIdentifier>990018865510603338</recordIdentifier>
<recordPosition>2</recordPosition>
</record>