
<record>
<recordSchema>marcxml</recordSchema>
<recordPacking>xml</recordPacking>
<recordData>
<record xmlns="http://www.loc.gov/MARC21/slim">
<leader>01043nam a2200361 cb4500</leader>
<controlfield tag="001">9959032210903338</controlfield>
<controlfield tag="005">20231120161258.0</controlfield>
<controlfield tag="007">tu</controlfield>
<controlfield tag="008">231002|2022 ||| ||| | srp c</controlfield>
<controlfield tag="009">AC16955816</controlfield>
<datafield ind1=" " ind2=" " tag="015">
<subfield code="a">OeBC</subfield>
<subfield code="2">oeb</subfield>
</datafield>
<datafield ind1=" " ind2=" " tag="020">
<subfield code="a">9788664072113</subfield>
</datafield>
<datafield ind1=" " ind2=" " tag="035">
<subfield code="a">(AT-OBV)AC16955816</subfield>
</datafield>
<datafield ind1=" " ind2=" " tag="035">
<subfield code="a">(DE-599)OBVAC16955816</subfield>
</datafield>
<datafield ind1=" " ind2=" " tag="035">
<subfield code="a">(EXLNZ-43ACC_NETWORK)99147707753703331</subfield>
</datafield>
<datafield ind1=" " ind2=" " tag="040">
<subfield code="a">AT-OeNB</subfield>
<subfield code="b">ger</subfield>
<subfield code="d">AT-OeNB</subfield>
<subfield code="e">rda</subfield>
</datafield>
<datafield ind1=" " ind2=" " tag="041">
<subfield code="a">srp</subfield>
<subfield code="h">ger</subfield>
</datafield>
<datafield ind1=" " ind2=" " tag="044">
<subfield code="c">XA-RS</subfield>
</datafield>
<datafield ind1=" " ind2=" " tag="084">
<subfield code="a">17.97</subfield>
<subfield code="2">bkl</subfield>
</datafield>
<datafield ind1=" " ind2=" " tag="084">
<subfield code="a">18.10</subfield>
<subfield code="2">bkl</subfield>
</datafield>
<datafield ind1="1" ind2=" " tag="100">
<subfield code="a">Reyer, Sophie</subfield>
<subfield code="d">1984-</subfield>
<subfield code="0">(DE-588)136941389</subfield>
<subfield code="4">aut</subfield>
</datafield>
<datafield ind1="1" ind2="0" tag="245">
<subfield code="a">: izabrane pesme</subfield>
<subfield code="c">Sofi Rajer ; s nemačkog prevela Jelena Radovanović</subfield>
</datafield>
<datafield ind1=" " ind2="1" tag="264">
<subfield code="a">Beograd</subfield>
<subfield code="b">Treći Trg - Srebrno drvo</subfield>
<subfield code="c">2022</subfield>
</datafield>
<datafield ind1=" " ind2=" " tag="300">
<subfield code="a">125 Seiten</subfield>
<subfield code="b">sa treceg trga</subfield>
</datafield>
<datafield ind1=" " ind2=" " tag="336">
<subfield code="b">txt</subfield>
</datafield>
<datafield ind1=" " ind2=" " tag="337">
<subfield code="b">n</subfield>
</datafield>
<datafield ind1=" " ind2=" " tag="338">
<subfield code="b">nc</subfield>
</datafield>
<datafield ind1="1" ind2=" " tag="490">
<subfield code="a">Sa Trećeg Trga</subfield>
<subfield code="v">86</subfield>
</datafield>
<datafield ind1=" " ind2="7" tag="655">
<subfield code="a">Anthologie</subfield>
<subfield code="0">(DE-588)4002214-6</subfield>
<subfield code="2">gnd-content</subfield>
</datafield>
<datafield ind1=" " ind2="7" tag="655">
<subfield code="a">Gedicht</subfield>
<subfield code="2">bellobv</subfield>
</datafield>
<datafield ind1="1" ind2=" " tag="700">
<subfield code="a">Radovanović, Jelena</subfield>
<subfield code="4">trl</subfield>
</datafield>
<datafield ind1=" " ind2="0" tag="830">
<subfield code="w">(AT-OBV)AC16618377</subfield>
<subfield code="v">86</subfield>
</datafield>
<datafield ind1="1" ind2=" " tag="970">
<subfield code="c">56</subfield>
</datafield>
<datafield ind1="0" ind2=" " tag="970">
<subfield code="a">Digitaler Assistent</subfield>
</datafield>
<datafield ind1=" " ind2=" " tag="AVA">
<subfield code="0">9959032210903338</subfield>
<subfield code="8">22512120020003338</subfield>
<subfield code="a">43ACC_ONB</subfield>
<subfield code="b">ZNEU</subfield>
<subfield code="c">Main Stacks at Heldenplatz (MAG)</subfield>
<subfield code="d">2240650-B</subfield>
<subfield code="e">available</subfield>
<subfield code="f">1</subfield>
<subfield code="g">0</subfield>
<subfield code="j">MAG</subfield>
<subfield code="p">1</subfield>
<subfield code="q">Central Service Facility at Heldenplatz</subfield>
</datafield>
</record>
</recordData>
<recordIdentifier>9959032210903338</recordIdentifier>
<recordPosition>3</recordPosition>
</record>