
<record>
<recordSchema>marcxml</recordSchema>
<recordPacking>xml</recordPacking>
<recordData>
<record xmlns="http://www.loc.gov/MARC21/slim">
<leader>01149nam a2200421 c 4500</leader>
<controlfield tag="001">990048774130603338</controlfield>
<controlfield tag="005">20230210184937.0</controlfield>
<controlfield tag="007">tu</controlfield>
<controlfield tag="008">160118|2015 ||| ||| | ger c</controlfield>
<controlfield tag="009">AC12735089</controlfield>
<datafield ind1=" " ind2=" " tag="015">
<subfield code="a">OeB2016,A,04 830,B</subfield>
<subfield code="2">oeb</subfield>
</datafield>
<datafield ind1=" " ind2=" " tag="020">
<subfield code="a">9783902871664</subfield>
<subfield code="c">Broschur : EUR 8,00</subfield>
</datafield>
<datafield ind1=" " ind2=" " tag="035">
<subfield code="a">(AT-OBV)AC12735089</subfield>
</datafield>
<datafield ind1=" " ind2=" " tag="035">
<subfield code="a">AC12735089</subfield>
</datafield>
<datafield ind1=" " ind2=" " tag="035">
<subfield code="a">(Aleph)012471861ACC01</subfield>
</datafield>
<datafield ind1=" " ind2=" " tag="035">
<subfield code="a">(DE-599)OBVAC12735089</subfield>
</datafield>
<datafield ind1=" " ind2=" " tag="035">
<subfield code="a">(EXLNZ-43ACC_NETWORK)990124718610203331</subfield>
</datafield>
<datafield ind1=" " ind2=" " tag="040">
<subfield code="a">ONB</subfield>
<subfield code="b">ger</subfield>
<subfield code="d">AT-OBV</subfield>
<subfield code="e">rda</subfield>
</datafield>
<datafield ind1=" " ind2=" " tag="041">
<subfield code="a">ger</subfield>
</datafield>
<datafield ind1=" " ind2=" " tag="044">
<subfield code="c">XA-AT</subfield>
</datafield>
<datafield ind1=" " ind2=" " tag="084">
<subfield code="a">830</subfield>
<subfield code="a">B</subfield>
<subfield code="q">DE-101</subfield>
<subfield code="2">sdnb</subfield>
</datafield>
<datafield ind1=" " ind2=" " tag="084">
<subfield code="a">18.10</subfield>
<subfield code="2">bkl</subfield>
</datafield>
<datafield ind1=" " ind2=" " tag="084">
<subfield code="a">17.97</subfield>
<subfield code="2">bkl</subfield>
</datafield>
<datafield ind1="1" ind2=" " tag="100">
<subfield code="a">Reyer, Sophie</subfield>
<subfield code="d">1984-</subfield>
<subfield code="0">(DE-588)136941389</subfield>
<subfield code="4">aut</subfield>
</datafield>
<datafield ind1="1" ind2="0" tag="245">
<subfield code="a">: nachkommen nacktkommen</subfield>
<subfield code="c">Sophie Reyer</subfield>
</datafield>
<datafield ind1="3" ind2=" " tag="246">
<subfield code="a">Nachkommen nacktkommen</subfield>
</datafield>
<datafield ind1=" " ind2="1" tag="264">
<subfield code="a">Wien</subfield>
<subfield code="b">hochroth</subfield>
<subfield code="c">2015</subfield>
</datafield>
<datafield ind1=" " ind2=" " tag="300">
<subfield code="a">32 Seiten</subfield>
<subfield code="b">Illustration</subfield>
<subfield code="c">19 cm</subfield>
</datafield>
<datafield ind1=" " ind2=" " tag="336">
<subfield code="b">txt</subfield>
</datafield>
<datafield ind1=" " ind2=" " tag="337">
<subfield code="b">n</subfield>
</datafield>
<datafield ind1=" " ind2=" " tag="338">
<subfield code="b">nc</subfield>
</datafield>
<datafield ind1=" " ind2="7" tag="655">
<subfield code="a">Lyrik</subfield>
<subfield code="2">gatbeg</subfield>
</datafield>
<datafield ind1=" " ind2=" " tag="653">
<subfield code="a">hochroth</subfield>
</datafield>
<datafield ind1=" " ind2=" " tag="653">
<subfield code="a">hochroth Verlag</subfield>
</datafield>
<datafield ind1=" " ind2=" " tag="653">
<subfield code="a">Reyer</subfield>
</datafield>
<datafield ind1=" " ind2="7" tag="655">
<subfield code="a">Gedicht</subfield>
<subfield code="2">bellobv</subfield>
</datafield>
<datafield ind1="2" ind2=" " tag="710">
<subfield code="a">hochroth - Gemeinnützige Literaturvermittlung</subfield>
<subfield code="0">(DE-588)1064344607</subfield>
<subfield code="4">pbl</subfield>
</datafield>
<datafield ind1="1" ind2=" " tag="970">
<subfield code="c">56</subfield>
</datafield>
<datafield ind1="2" ind2=" " tag="970">
<subfield code="a">ONB</subfield>
</datafield>
<datafield ind1=" " ind2=" " tag="982">
<subfield code="f">Deutsch</subfield>
<subfield code="9">LOCAL</subfield>
</datafield>
<datafield ind1=" " ind2=" " tag="AVA">
<subfield code="0">990048774130603338</subfield>
<subfield code="8">22294095440003338</subfield>
<subfield code="a">43ACC_ONB</subfield>
<subfield code="b">ZNEU</subfield>
<subfield code="c">Main Stacks at Heldenplatz (MAG)</subfield>
<subfield code="d">2065994-B</subfield>
<subfield code="e">available</subfield>
<subfield code="f">1</subfield>
<subfield code="g">0</subfield>
<subfield code="j">MAG</subfield>
<subfield code="p">1</subfield>
<subfield code="q">Central Service Facility at Heldenplatz</subfield>
</datafield>
</record>
</recordData>
<recordIdentifier>990048774130603338</recordIdentifier>
<recordPosition>4</recordPosition>
</record>