
<record>
<recordSchema>marcxml</recordSchema>
<recordPacking>xml</recordPacking>
<recordData>
<record xmlns="http://www.loc.gov/MARC21/slim">
<leader>00819nam a2200301 c 4500</leader>
<controlfield tag="001">990046120280603338</controlfield>
<controlfield tag="005">20230630095307.0</controlfield>
<controlfield tag="007">tu</controlfield>
<controlfield tag="008">140908|2014 ||| ||| l ger c</controlfield>
<controlfield tag="009">AC11991335</controlfield>
<datafield ind1=" " ind2=" " tag="015">
<subfield code="a">OeB2014,A,19 741.5</subfield>
<subfield code="2">oeb</subfield>
</datafield>
<datafield ind1=" " ind2=" " tag="035">
<subfield code="a">(AT-OBV)AC11991335</subfield>
</datafield>
<datafield ind1=" " ind2=" " tag="035">
<subfield code="a">AC11991335</subfield>
</datafield>
<datafield ind1=" " ind2=" " tag="035">
<subfield code="a">(Aleph)011815167ACC01</subfield>
</datafield>
<datafield ind1=" " ind2=" " tag="035">
<subfield code="a">(DE-599)OBVAC11991335</subfield>
</datafield>
<datafield ind1=" " ind2=" " tag="035">
<subfield code="a">(EXLNZ-43ACC_NETWORK)990118151670203331</subfield>
</datafield>
<datafield ind1=" " ind2=" " tag="040">
<subfield code="a">ONB</subfield>
<subfield code="b">ger</subfield>
<subfield code="d">AT-OeNB</subfield>
<subfield code="e">rakwb</subfield>
</datafield>
<datafield ind1=" " ind2=" " tag="041">
<subfield code="a">ger</subfield>
</datafield>
<datafield ind1=" " ind2=" " tag="044">
<subfield code="c">XA-AT</subfield>
</datafield>
<datafield ind1=" " ind2=" " tag="084">
<subfield code="a">18.10</subfield>
<subfield code="2">bkl</subfield>
</datafield>
<datafield ind1=" " ind2=" " tag="084">
<subfield code="a">17.97</subfield>
<subfield code="2">bkl</subfield>
</datafield>
<datafield ind1=" " ind2=" " tag="090">
<subfield code="h">e</subfield>
</datafield>
<datafield ind1="1" ind2=" " tag="100">
<subfield code="a">Widhalm, Fritz</subfield>
<subfield code="d">1956-</subfield>
<subfield code="0">(DE-588)121619060</subfield>
<subfield code="4">aut</subfield>
</datafield>
<datafield ind1="1" ind2="0" tag="245">
<subfield code="a">:huch.</subfield>
<subfield code="b">der Comix</subfield>
<subfield code="c">Fritz Widhalm</subfield>
</datafield>
<datafield ind1=" " ind2="1" tag="264">
<subfield code="a">Wien</subfield>
<subfield code="b">Das Fröhliche Wohnzimmer</subfield>
<subfield code="c">2014</subfield>
</datafield>
<datafield ind1=" " ind2=" " tag="300">
<subfield code="a">24 Bl.</subfield>
<subfield code="b">überw. Ill.</subfield>
<subfield code="c">21 cm</subfield>
</datafield>
<datafield ind1=" " ind2=" " tag="365">
<subfield code="b">geh.</subfield>
</datafield>
<datafield ind1=" " ind2="7" tag="655">
<subfield code="a">Comic</subfield>
<subfield code="0">(DE-588)4010427-8</subfield>
<subfield code="2">gnd-content</subfield>
</datafield>
<datafield ind1="1" ind2=" " tag="970">
<subfield code="c">56</subfield>
</datafield>
<datafield ind1=" " ind2=" " tag="AVA">
<subfield code="0">990046120280603338</subfield>
<subfield code="8">22233226420003338</subfield>
<subfield code="a">43ACC_ONB</subfield>
<subfield code="b">ZNEU</subfield>
<subfield code="c">Main Stacks at Heldenplatz (MAG)</subfield>
<subfield code="d">2035419-B</subfield>
<subfield code="e">available</subfield>
<subfield code="f">1</subfield>
<subfield code="g">0</subfield>
<subfield code="j">MAG</subfield>
<subfield code="p">1</subfield>
<subfield code="q">Central Service Facility at Heldenplatz</subfield>
</datafield>
<datafield ind1=" " ind2=" " tag="AVA">
<subfield code="0">990046120280603338</subfield>
<subfield code="8">22406397450003338</subfield>
<subfield code="a">43ACC_ONB</subfield>
<subfield code="b">ZLIT</subfield>
<subfield code="c">Literaturarchiv</subfield>
<subfield code="d">2138376-B</subfield>
<subfield code="e">available</subfield>
<subfield code="f">1</subfield>
<subfield code="g">0</subfield>
<subfield code="j">MAG</subfield>
<subfield code="p">2</subfield>
<subfield code="q">Literary Archive</subfield>
</datafield>
</record>
</recordData>
<recordIdentifier>990046120280603338</recordIdentifier>
<recordPosition>5</recordPosition>
</record>