
<record>
<recordSchema>marcxml</recordSchema>
<recordPacking>xml</recordPacking>
<recordData>
<record xmlns="http://www.loc.gov/MARC21/slim">
<leader>01879nam a2200505 cb4500</leader>
<controlfield tag="001">9958828979603338</controlfield>
<controlfield tag="005">20230707193204.0</controlfield>
<controlfield tag="007">tu</controlfield>
<controlfield tag="008">210706|2020 ||| |1| | ger c</controlfield>
<controlfield tag="009">AC16248507</controlfield>
<datafield ind1=" " ind2=" " tag="015">
<subfield code="a">OeB2021,A,14 830,B</subfield>
<subfield code="2">oeb</subfield>
</datafield>
<datafield ind1=" " ind2=" " tag="020">
<subfield code="q">Broschur</subfield>
<subfield code="c">EUR 8,00</subfield>
</datafield>
<datafield ind1=" " ind2=" " tag="035">
<subfield code="a">(AT-OBV)AC16248507</subfield>
</datafield>
<datafield ind1=" " ind2=" " tag="035">
<subfield code="a">(DE-599)OBVAC16248507</subfield>
</datafield>
<datafield ind1=" " ind2=" " tag="035">
<subfield code="a">(EXLNZ-43ACC_NETWORK)99146154990203331</subfield>
</datafield>
<datafield ind1=" " ind2=" " tag="040">
<subfield code="a">AT-OeNB</subfield>
<subfield code="b">ger</subfield>
<subfield code="d">AT-OeNB</subfield>
<subfield code="e">rda</subfield>
</datafield>
<datafield ind1=" " ind2=" " tag="041">
<subfield code="a">ger</subfield>
</datafield>
<datafield ind1=" " ind2=" " tag="044">
<subfield code="c">XA-AT</subfield>
</datafield>
<datafield ind1=" " ind2=" " tag="084">
<subfield code="a">18.10</subfield>
<subfield code="2">bkl</subfield>
</datafield>
<datafield ind1=" " ind2=" " tag="084">
<subfield code="a">17.98</subfield>
<subfield code="2">bkl</subfield>
</datafield>
<datafield ind1="0" ind2="0" tag="245">
<subfield code="a">:Zahlen</subfield>
<subfield code="b">
75 Jahre Österreichischer Schriftsteller/innenverband
</subfield>
<subfield code="c">
Eigentümer, Herausgeber und Verleger: Österreichischer Schriftsteller/innenverband ; Redaktion dieser Ausgabe: Mag. Ewald Baringer [und 3 weitere]
</subfield>
</datafield>
<datafield ind1="1" ind2="0" tag="246">
<subfield code="a">: Zahlen Doppelpunkt fünfundsiebzig</subfield>
</datafield>
<datafield ind1=" " ind2="1" tag="264">
<subfield code="a">Wien</subfield>
<subfield code="b">Österreichischer Schriftsteller/innenverband</subfield>
<subfield code="c">2020</subfield>
</datafield>
<datafield ind1=" " ind2=" " tag="300">
<subfield code="a">135 Seiten</subfield>
<subfield code="c">21 cm</subfield>
</datafield>
<datafield ind1=" " ind2=" " tag="336">
<subfield code="b">txt</subfield>
</datafield>
<datafield ind1=" " ind2=" " tag="337">
<subfield code="b">n</subfield>
</datafield>
<datafield ind1=" " ind2=" " tag="338">
<subfield code="b">nc</subfield>
</datafield>
<datafield ind1="1" ind2=" " tag="490">
<subfield code="a">Literarisches Österreich. Sonderheft</subfield>
<subfield code="v">2020</subfield>
</datafield>
<datafield ind1=" " ind2=" " tag="500">
<subfield code="a">Auf dem Buchrücken: 02/2020</subfield>
</datafield>
<datafield ind1=" " ind2="7" tag="655">
<subfield code="a">Festschrift</subfield>
<subfield code="0">(DE-588)4016928-5</subfield>
<subfield code="2">gnd-content</subfield>
</datafield>
<datafield ind1=" " ind2="7" tag="655">
<subfield code="a">Zeitschrift</subfield>
<subfield code="0">(DE-588)4067488-5</subfield>
<subfield code="2">gnd-content</subfield>
</datafield>
<datafield ind1=" " ind2="7" tag="655">
<subfield code="a">Anthologie</subfield>
<subfield code="0">(DE-588)4002214-6</subfield>
<subfield code="2">gnd-content</subfield>
</datafield>
<datafield ind1=" " ind2="7" tag="655">
<subfield code="a">Gedicht</subfield>
<subfield code="2">bellobv</subfield>
</datafield>
<datafield ind1=" " ind2="7" tag="655">
<subfield code="a">Kurzgeschichte</subfield>
<subfield code="2">bellobv</subfield>
</datafield>
<datafield ind1="0" ind2="0" tag="689">
<subfield code="a">Österreich</subfield>
<subfield code="D">g</subfield>
<subfield code="0">(DE-588)4043271-3</subfield>
</datafield>
<datafield ind1="0" ind2="1" tag="689">
<subfield code="a">Literatur</subfield>
<subfield code="D">s</subfield>
<subfield code="0">(DE-588)4035964-5</subfield>
</datafield>
<datafield ind1="0" ind2=" " tag="689">
<subfield code="5">AT-OBV</subfield>
<subfield code="5">ONB</subfield>
</datafield>
<datafield ind1="1" ind2="0" tag="689">
<subfield code="a">Österreichischer Schriftstellerverband</subfield>
<subfield code="D">b</subfield>
<subfield code="0">(DE-588)2020855-8</subfield>
</datafield>
<datafield ind1="1" ind2="1" tag="689">
<subfield code="a">Geschichte 1945-2020</subfield>
<subfield code="A">z</subfield>
</datafield>
<datafield ind1="1" ind2=" " tag="689">
<subfield code="5">AT-OBV</subfield>
<subfield code="5">AT-OeNB</subfield>
</datafield>
<datafield ind1="2" ind2=" " tag="710">
<subfield code="a">Österreichischer Schriftsteller/Innenverband</subfield>
<subfield code="0">(DE-588)1025599160</subfield>
<subfield code="4">hnr</subfield>
<subfield code="4">isb</subfield>
</datafield>
<datafield ind1="1" ind2=" " tag="700">
<subfield code="a">Baringer, Ewald</subfield>
<subfield code="d">1955-</subfield>
<subfield code="0">(DE-588)121599450</subfield>
<subfield code="4">edt</subfield>
</datafield>
<datafield ind1=" " ind2="0" tag="830">
<subfield code="w">(AT-OBV)AC15293578</subfield>
<subfield code="v">2020</subfield>
</datafield>
<datafield ind1="1" ind2=" " tag="970">
<subfield code="c">56</subfield>
</datafield>
<datafield ind1="2" ind2=" " tag="970">
<subfield code="a">AT-OeNB</subfield>
</datafield>
<datafield ind1="0" ind2=" " tag="970">
<subfield code="a">Digitaler Assistent</subfield>
</datafield>
<datafield ind1=" " ind2=" " tag="AVA">
<subfield code="0">9958828979603338</subfield>
<subfield code="8">22483575250003338</subfield>
<subfield code="a">43ACC_ONB</subfield>
<subfield code="b">ZNEU</subfield>
<subfield code="c">Main Stacks at Heldenplatz (PER)</subfield>
<subfield code="d">1993538-B.2020</subfield>
<subfield code="e">available</subfield>
<subfield code="f">1</subfield>
<subfield code="g">0</subfield>
<subfield code="j">PER</subfield>
<subfield code="p">1</subfield>
<subfield code="q">Central Service Facility at Heldenplatz</subfield>
</datafield>
</record>
</recordData>
<recordIdentifier>9958828979603338</recordIdentifier>
<recordPosition>6</recordPosition>
</record>