
<record>
<recordSchema>marcxml</recordSchema>
<recordPacking>xml</recordPacking>
<recordData>
<record xmlns="http://www.loc.gov/MARC21/slim">
<leader>00866nam a2200289zc 4500</leader>
<controlfield tag="001">990006798340603338</controlfield>
<controlfield tag="005">20230211183223.0</controlfield>
<controlfield tag="007">tu</controlfield>
<controlfield tag="008">040413|2003####|||###########|||#|#spa#c</controlfield>
<controlfield tag="009">AC04064904</controlfield>
<datafield ind1=" " ind2=" " tag="015">
<subfield code="a">OeBC</subfield>
<subfield code="2">oeb</subfield>
</datafield>
<datafield ind1=" " ind2=" " tag="020">
<subfield code="a">8484542335</subfield>
</datafield>
<datafield ind1=" " ind2=" " tag="035">
<subfield code="a">(AT-OBV)AC04064904</subfield>
</datafield>
<datafield ind1=" " ind2=" " tag="035">
<subfield code="a">AC04064904</subfield>
</datafield>
<datafield ind1=" " ind2=" " tag="035">
<subfield code="a">(Aleph)004053757ACC01</subfield>
</datafield>
<datafield ind1=" " ind2=" " tag="035">
<subfield code="a">(DE-599)OBVAC04064904</subfield>
</datafield>
<datafield ind1=" " ind2=" " tag="035">
<subfield code="a">(EXLNZ-43ACC_NETWORK)990040537570203331</subfield>
</datafield>
<datafield ind1=" " ind2=" " tag="040">
<subfield code="a">ONB</subfield>
<subfield code="b">ger</subfield>
<subfield code="d">ONB</subfield>
<subfield code="e">rakwb</subfield>
</datafield>
<datafield ind1=" " ind2=" " tag="041">
<subfield code="a">spa</subfield>
</datafield>
<datafield ind1=" " ind2=" " tag="044">
<subfield code="c">XA-ES</subfield>
</datafield>
<datafield ind1="0" ind2="0" tag="245">
<subfield code="a">!Déjalo ya!</subfield>
<subfield code="b">Y otros relatos cortos</subfield>
<subfield code="c">
por Frank Kafka. Il. por Peter Kuper. [Trad. por Isaac Pradel Leal]
</subfield>
</datafield>
<datafield ind1="3" ind2=" " tag="246">
<subfield code="a">Kafka - !Déjalo ya! y otros relatos cortos</subfield>
</datafield>
<datafield ind1=" " ind2="1" tag="264">
<subfield code="a">Alicante</subfield>
<subfield code="b">ECU, Ed. Club Univ.</subfield>
<subfield code="c">2003</subfield>
</datafield>
<datafield ind1=" " ind2=" " tag="300">
<subfield code="a">63 S.</subfield>
<subfield code="b">Ill.</subfield>
</datafield>
<datafield ind1="1" ind2=" " tag="700">
<subfield code="a">Kafka, Franz</subfield>
<subfield code="d">1883-1924</subfield>
<subfield code="0">(DE-588)118559230</subfield>
<subfield code="4">ctb</subfield>
</datafield>
<datafield ind1="1" ind2=" " tag="700">
<subfield code="a">Kuper, Peter</subfield>
<subfield code="4">ill</subfield>
</datafield>
<datafield ind1="1" ind2=" " tag="700">
<subfield code="a">Pradel Leal, Isaac</subfield>
<subfield code="4">trl</subfield>
</datafield>
<datafield ind1="1" ind2=" " tag="970">
<subfield code="c">56</subfield>
</datafield>
<datafield ind1="0" ind2=" " tag="983">
<subfield code="a">008</subfield>
<subfield code="9">LOCAL</subfield>
</datafield>
<datafield ind1=" " ind2=" " tag="AVA">
<subfield code="0">990006798340603338</subfield>
<subfield code="8">22361344350003338</subfield>
<subfield code="a">43ACC_ONB</subfield>
<subfield code="b">ZNEU</subfield>
<subfield code="c">Main Stacks at Heldenplatz (MAG)</subfield>
<subfield code="d">1734784-B</subfield>
<subfield code="e">available</subfield>
<subfield code="f">1</subfield>
<subfield code="g">0</subfield>
<subfield code="j">MAG</subfield>
<subfield code="p">1</subfield>
<subfield code="q">Central Service Facility at Heldenplatz</subfield>
</datafield>
</record>
</recordData>
<recordIdentifier>990006798340603338</recordIdentifier>
<recordPosition>7</recordPosition>
</record>