
<record>
<recordSchema>marcxml</recordSchema>
<recordPacking>xml</recordPacking>
<recordData>
<record xmlns="http://www.loc.gov/MARC21/slim">
<leader>02019nam a2200541 c 4500</leader>
<controlfield tag="001">990048056490603338</controlfield>
<controlfield tag="005">20231207184640.0</controlfield>
<controlfield tag="007">tu</controlfield>
<controlfield tag="008">150615|2015 ||| ||| l spa c</controlfield>
<controlfield tag="009">AC12302166</controlfield>
<datafield ind1=" " ind2=" " tag="015">
<subfield code="a">OeB2015,A,21 860,B</subfield>
<subfield code="2">oeb</subfield>
</datafield>
<datafield ind1=" " ind2=" " tag="015">
<subfield code="a">15,A29</subfield>
<subfield code="z">15,N17</subfield>
<subfield code="2">dnb</subfield>
</datafield>
<datafield ind1="7" ind2=" " tag="016">
<subfield code="a">1069547530</subfield>
<subfield code="2">DE-101b</subfield>
</datafield>
<datafield ind1=" " ind2=" " tag="020">
<subfield code="a">9783708405537</subfield>
<subfield code="c">geb. : EUR 17,90 ; CHF 18,78</subfield>
</datafield>
<datafield ind1="3" ind2=" " tag="024">
<subfield code="a">9783708405537</subfield>
</datafield>
<datafield ind1=" " ind2=" " tag="035">
<subfield code="a">(AT-OBV)AC12302166</subfield>
</datafield>
<datafield ind1=" " ind2=" " tag="035">
<subfield code="a">AC12302166</subfield>
</datafield>
<datafield ind1=" " ind2=" " tag="035">
<subfield code="a">(Aleph)012198990ACC01</subfield>
</datafield>
<datafield ind1=" " ind2=" " tag="035">
<subfield code="a">(DE-599)DNB1069547530</subfield>
</datafield>
<datafield ind1=" " ind2=" " tag="035">
<subfield code="a">oai:dnb.de/dnb/1069547530</subfield>
</datafield>
<datafield ind1=" " ind2=" " tag="035">
<subfield code="a">(EXLNZ-43ACC_NETWORK)990121989900203331</subfield>
</datafield>
<datafield ind1=" " ind2=" " tag="040">
<subfield code="a">UBS</subfield>
<subfield code="b">ger</subfield>
<subfield code="c">DNB</subfield>
<subfield code="d">AT-OBV</subfield>
<subfield code="e">rda</subfield>
</datafield>
<datafield ind1=" " ind2=" " tag="041">
<subfield code="a">spa</subfield>
<subfield code="a">ger</subfield>
<subfield code="h">spa</subfield>
</datafield>
<datafield ind1=" " ind2=" " tag="044">
<subfield code="c">XA-AT</subfield>
</datafield>
<datafield ind1=" " ind2=" " tag="084">
<subfield code="a">IQ 25350</subfield>
<subfield code="2">rvk</subfield>
</datafield>
<datafield ind1=" " ind2=" " tag="084">
<subfield code="a">18.33</subfield>
<subfield code="2">bkl</subfield>
</datafield>
<datafield ind1=" " ind2=" " tag="084">
<subfield code="a">17.97</subfield>
<subfield code="2">bkl</subfield>
</datafield>
<datafield ind1=" " ind2=" " tag="084">
<subfield code="a">830</subfield>
<subfield code="a">B</subfield>
<subfield code="q">DE-101</subfield>
<subfield code="2">sdnb</subfield>
</datafield>
<datafield ind1=" " ind2=" " tag="090">
<subfield code="h">e</subfield>
</datafield>
<datafield ind1="1" ind2=" " tag="100">
<subfield code="a">Dalton, Roque</subfield>
<subfield code="d">1935-1975</subfield>
<subfield code="0">(DE-588)11883410X</subfield>
<subfield code="4">aut</subfield>
</datafield>
<datafield ind1="1" ind2="0" tag="245">
<subfield code="a">¡Fusilemos la noche!</subfield>
<subfield code="b">
Gedichte : Spanisch und Deutsch = Erschießen wir die Nacht!
</subfield>
<subfield code="c">
Roque Dalton ; Auswahl und Übersetzung Erich Hackl und Tina Leisch ; mit einem Aufsatz von Horacio Castellanos Moya
</subfield>
</datafield>
<datafield ind1="1" ind2="1" tag="246">
<subfield code="a">Erschießen wir die Nacht!</subfield>
</datafield>
<datafield ind1=" " ind2="1" tag="264">
<subfield code="a">Klagenfurt/Celovec</subfield>
<subfield code="b">Verlag Johannes Heyn</subfield>
<subfield code="c">[2015]</subfield>
</datafield>
<datafield ind1=" " ind2=" " tag="300">
<subfield code="a">106 Seiten</subfield>
<subfield code="b">Illustrationen</subfield>
<subfield code="c">20 cm</subfield>
<subfield code="e">1 DVD-Video</subfield>
</datafield>
<datafield ind1=" " ind2=" " tag="336">
<subfield code="b">txt</subfield>
</datafield>
<datafield ind1=" " ind2=" " tag="337">
<subfield code="b">n</subfield>
</datafield>
<datafield ind1=" " ind2=" " tag="338">
<subfield code="b">nc</subfield>
</datafield>
<datafield ind1="0" ind2=" " tag="490">
<subfield code="a">Edition Meerauge</subfield>
</datafield>
<datafield ind1=" " ind2=" " tag="546">
<subfield code="a">Gedichte spanisch und deutsch, Aufsatz deutsch</subfield>
</datafield>
<datafield ind1=" " ind2="7" tag="655">
<subfield code="a">Anthologie</subfield>
<subfield code="0">(DE-588)4002214-6</subfield>
<subfield code="2">gnd-content</subfield>
</datafield>
<datafield ind1=" " ind2="7" tag="655">
<subfield code="a">Gedicht</subfield>
<subfield code="2">bellobv</subfield>
</datafield>
<datafield ind1=" " ind2="7" tag="655">
<subfield code="a">Lyrik</subfield>
<subfield code="2">gatbeg</subfield>
</datafield>
<datafield ind1="1" ind2=" " tag="700">
<subfield code="a">Hackl, Erich</subfield>
<subfield code="d">1954-</subfield>
<subfield code="0">(DE-588)119328860</subfield>
<subfield code="4">trl</subfield>
</datafield>
<datafield ind1="1" ind2=" " tag="700">
<subfield code="a">Leisch, Tina</subfield>
<subfield code="d">1964-</subfield>
<subfield code="0">(DE-588)1011931990</subfield>
<subfield code="4">trl</subfield>
</datafield>
<datafield ind1="1" ind2=" " tag="700">
<subfield code="a">Castellanos Moya, Horacio</subfield>
<subfield code="d">1957-</subfield>
<subfield code="0">(DE-588)124621031</subfield>
<subfield code="4">wst</subfield>
</datafield>
<datafield ind1="4" ind2="2" tag="856">
<subfield code="m">B:DE-101</subfield>
<subfield code="q">application/pdf</subfield>
<subfield code="u">http://d-nb.info/1069547530/04</subfield>
<subfield code="x">DNB-TOC</subfield>
<subfield code="3">Inhaltsverzeichnis</subfield>
<subfield code="o">OBV-EDOC-DNBTOC</subfield>
</datafield>
<datafield ind1="4" ind2="2" tag="856">
<subfield code="m">X:MVB</subfield>
<subfield code="q">text/html</subfield>
<subfield code="u">
http://deposit.dnb.de/cgi-bin/dokserv?id=5203915&prov=M&dok_var=1&dok_ext=htm
</subfield>
<subfield code="3">Inhaltstext</subfield>
</datafield>
<datafield ind1="1" ind2=" " tag="970">
<subfield code="c">56</subfield>
</datafield>
<datafield ind1="2" ind2=" " tag="970">
<subfield code="a">UBS</subfield>
</datafield>
<datafield ind1="0" ind2=" " tag="980">
<subfield code="a">DNB</subfield>
<subfield code="9">LOCAL</subfield>
</datafield>
<datafield ind1=" " ind2=" " tag="982">
<subfield code="f">Spanisch o</subfield>
<subfield code="9">LOCAL</subfield>
</datafield>
<datafield ind1=" " ind2=" " tag="982">
<subfield code="f">Deutsch ü</subfield>
<subfield code="9">LOCAL</subfield>
</datafield>
<datafield ind1=" " ind2=" " tag="988">
<subfield code="a">IT15</subfield>
<subfield code="9">local</subfield>
</datafield>
<datafield ind1=" " ind2=" " tag="AVA">
<subfield code="0">990048056490603338</subfield>
<subfield code="8">22307641080003338</subfield>
<subfield code="a">43ACC_ONB</subfield>
<subfield code="b">ZNEU</subfield>
<subfield code="c">Main Stacks at Heldenplatz - Special Book Stand</subfield>
<subfield code="d">2060168-B</subfield>
<subfield code="e">available</subfield>
<subfield code="f">1</subfield>
<subfield code="g">0</subfield>
<subfield code="j">SOND</subfield>
<subfield code="p">1</subfield>
<subfield code="q">Central Service Facility at Heldenplatz</subfield>
</datafield>
</record>
</recordData>
<recordIdentifier>990048056490603338</recordIdentifier>
<recordPosition>9</recordPosition>
</record>