
<record>
<recordSchema>marcxml</recordSchema>
<recordPacking>xml</recordPacking>
<recordData>
<record xmlns="http://www.loc.gov/MARC21/slim">
<leader>01509nam a2200481 c 4500</leader>
<controlfield tag="001">990043278860603338</controlfield>
<controlfield tag="005">20231207194831.0</controlfield>
<controlfield tag="007">tu</controlfield>
<controlfield tag="008">130508|2013 ||| ||| l ger c</controlfield>
<controlfield tag="009">AC10804928</controlfield>
<datafield ind1=" " ind2=" " tag="015">
<subfield code="a">12,N51</subfield>
<subfield code="2">dnb</subfield>
</datafield>
<datafield ind1=" " ind2=" " tag="015">
<subfield code="a">OeB2013,A,15 830,B</subfield>
<subfield code="2">oeb</subfield>
</datafield>
<datafield ind1="7" ind2=" " tag="016">
<subfield code="a">1028685440</subfield>
<subfield code="2">DE-101b</subfield>
</datafield>
<datafield ind1=" " ind2=" " tag="020">
<subfield code="a">9783701178568</subfield>
<subfield code="c">geb. : EUR 19,50 ; EUR 19,00 (DE); CHF 33,20</subfield>
</datafield>
<datafield ind1="3" ind2=" " tag="024">
<subfield code="a">9783701178568</subfield>
</datafield>
<datafield ind1=" " ind2=" " tag="035">
<subfield code="a">(AT-OBV)AC10804928</subfield>
</datafield>
<datafield ind1=" " ind2=" " tag="035">
<subfield code="a">AC10804928</subfield>
</datafield>
<datafield ind1=" " ind2=" " tag="035">
<subfield code="a">(Aleph)010788998ACC01</subfield>
</datafield>
<datafield ind1=" " ind2=" " tag="035">
<subfield code="a">(DE-599)DNB1028685440</subfield>
</datafield>
<datafield ind1=" " ind2=" " tag="035">
<subfield code="a">(EXLNZ-43ACC_NETWORK)990107889980203331</subfield>
</datafield>
<datafield ind1=" " ind2=" " tag="040">
<subfield code="a">ONB</subfield>
<subfield code="b">ger</subfield>
<subfield code="c">DNB</subfield>
<subfield code="d">AT-OBV</subfield>
<subfield code="e">rakwb</subfield>
</datafield>
<datafield ind1=" " ind2=" " tag="041">
<subfield code="a">ger</subfield>
</datafield>
<datafield ind1=" " ind2=" " tag="044">
<subfield code="c">XA-AT</subfield>
</datafield>
<datafield ind1=" " ind2=" " tag="084">
<subfield code="a">830</subfield>
<subfield code="a">B</subfield>
<subfield code="q">DE-101</subfield>
<subfield code="2">sdnb</subfield>
</datafield>
<datafield ind1=" " ind2=" " tag="084">
<subfield code="a">17.97</subfield>
<subfield code="2">bkl</subfield>
</datafield>
<datafield ind1=" " ind2=" " tag="084">
<subfield code="a">18.10</subfield>
<subfield code="2">bkl</subfield>
</datafield>
<datafield ind1=" " ind2=" " tag="084">
<subfield code="a">GO 12510</subfield>
<subfield code="2">rvk</subfield>
</datafield>
<datafield ind1=" " ind2=" " tag="090">
<subfield code="h">e</subfield>
</datafield>
<datafield ind1="1" ind2=" " tag="100">
<subfield code="a">Schachinger, Marlen</subfield>
<subfield code="d">1970-</subfield>
<subfield code="0">(DE-588)122625528</subfield>
<subfield code="4">aut</subfield>
</datafield>
<datafield ind1="1" ind2="0" tag="245">
<subfield code="a">¡Leben!</subfield>
<subfield code="b">Faction-Roman</subfield>
<subfield code="c">Marlen Schachinger</subfield>
</datafield>
<datafield ind1="3" ind2=" " tag="246">
<subfield code="a">Leben</subfield>
</datafield>
<datafield ind1=" " ind2="1" tag="264">
<subfield code="a">Graz</subfield>
<subfield code="b">Leykam</subfield>
<subfield code="c">2013</subfield>
</datafield>
<datafield ind1=" " ind2=" " tag="300">
<subfield code="a">257 S.</subfield>
<subfield code="c">21 cm</subfield>
</datafield>
<datafield ind1=" " ind2=" " tag="500">
<subfield code="a">Literaturverz. S. 249 - 253</subfield>
</datafield>
<datafield ind1=" " ind2="7" tag="655">
<subfield code="a">Roman</subfield>
<subfield code="2">bellobv</subfield>
</datafield>
<datafield ind1="0" ind2="0" tag="689">
<subfield code="a">Frau</subfield>
<subfield code="D">s</subfield>
<subfield code="0">(DE-588)4018202-2</subfield>
</datafield>
<datafield ind1="0" ind2="1" tag="689">
<subfield code="a">Homosexualität</subfield>
<subfield code="D">s</subfield>
<subfield code="0">(DE-588)4025798-8</subfield>
</datafield>
<datafield ind1="0" ind2="2" tag="689">
<subfield code="a">Nationalsozialismus</subfield>
<subfield code="D">s</subfield>
<subfield code="0">(DE-588)4041316-0</subfield>
</datafield>
<datafield ind1="0" ind2="3" tag="689">
<subfield code="a">Unterdrückung</subfield>
<subfield code="D">s</subfield>
<subfield code="0">(DE-588)4257314-2</subfield>
</datafield>
<datafield ind1="0" ind2="4" tag="689">
<subfield code="a">Geschichte 1939-</subfield>
<subfield code="A">z</subfield>
</datafield>
<datafield ind1="0" ind2="5" tag="689">
<subfield code="a">Belletristische Darstellung</subfield>
<subfield code="A">f</subfield>
</datafield>
<datafield ind1="0" ind2=" " tag="689">
<subfield code="5">AT-OBV</subfield>
<subfield code="5">DNB</subfield>
</datafield>
<datafield ind1="4" ind2="2" tag="856">
<subfield code="m">X:MVB</subfield>
<subfield code="q">text/html</subfield>
<subfield code="u">
http://deposit.dnb.de/cgi-bin/dokserv?id=4203214&prov=M&dok_var=1&dok_ext=htm
</subfield>
<subfield code="3">Inhaltstext</subfield>
</datafield>
<datafield ind1="1" ind2=" " tag="970">
<subfield code="c">56</subfield>
</datafield>
<datafield ind1="0" ind2=" " tag="980">
<subfield code="a">DNB</subfield>
<subfield code="9">LOCAL</subfield>
</datafield>
<datafield ind1=" " ind2=" " tag="982">
<subfield code="f">Deutsch</subfield>
<subfield code="9">LOCAL</subfield>
</datafield>
<datafield ind1=" " ind2=" " tag="AVA">
<subfield code="0">990043278860603338</subfield>
<subfield code="8">22241214340003338</subfield>
<subfield code="a">43ACC_ONB</subfield>
<subfield code="b">ZNEU</subfield>
<subfield code="c">Main Stacks at Heldenplatz (MAG)</subfield>
<subfield code="d">2004094-B</subfield>
<subfield code="e">available</subfield>
<subfield code="f">1</subfield>
<subfield code="g">0</subfield>
<subfield code="j">MAG</subfield>
<subfield code="p">1</subfield>
<subfield code="q">Central Service Facility at Heldenplatz</subfield>
</datafield>
<datafield ind1=" " ind2=" " tag="AVA">
<subfield code="0">990043278860603338</subfield>
<subfield code="8">22241214320003338</subfield>
<subfield code="a">43ACC_ONB</subfield>
<subfield code="b">ZNEU</subfield>
<subfield code="c">Main Stacks at Heldenplatz (MAG)</subfield>
<subfield code="d">2004095-B</subfield>
<subfield code="e">available</subfield>
<subfield code="f">1</subfield>
<subfield code="g">0</subfield>
<subfield code="j">MAG</subfield>
<subfield code="p">2</subfield>
<subfield code="q">Central Service Facility at Heldenplatz</subfield>
</datafield>
</record>
</recordData>
<recordIdentifier>990043278860603338</recordIdentifier>
<recordPosition>10</recordPosition>
</record>
</records>
<nextRecordPosition>11</nextRecordPosition>
<extraResponseData xmlns:xb="http://www.exlibris.com/repository/search/xmlbeans/">
<xb:exact>true</xb:exact>
<xb:responseDate>2024-04-12T17:41:28+0200</xb:responseDate>
</extraResponseData>
</searchRetrieveResponse>